@article{carrara2012dynamic,
  title={A dynamic friction model for reaction wheels},
  author={Carrara, Valdemir and Da Silva, Adolfo Graciano and Kuga, H{\'e}lio Koiti},
  journal={Advances in the Astronautical Sciences},
  volume={145},
  pages={343--352},
  year={2012},
  publisher={Univelt, Inc.}
}
